<?xml version="1.0" encoding="UTF-8"?><collection xmlns="http://www.loc.gov/MARC21/slim"><record><leader>00341nam--2200133-i-4500</leader><controlfield tag="001">000049715</controlfield><controlfield tag="002">20161230</controlfield><controlfield tag="005">20161230201047</controlfield><controlfield tag="008">060222s1000------------r-----000-0-eng-d</controlfield><datafield ind1=" " ind2=" " tag="080"><subfield code="a">538.95</subfield></datafield><datafield ind1=" " ind2=" " tag="100"><subfield code="a">Arifov,U.A</subfield></datafield><datafield ind1=" " ind2=" " tag="245"><subfield code="a">Vtorichno-emissionnye i strukturnye svoistva tverdyh tel</subfield></datafield><datafield ind1=" " ind2=" " tag="260"><subfield code="a">Tashkent, Izd.Fan, 1970. 210 S</subfield></datafield><datafield ind1=" " ind2=" " tag="852"><subfield code="a">35367</subfield></datafield></record></collection>